@software{ros,
    author = {Open Robotics},
    title = {ROS â€“ Robot Operating System},
    url = {https://www.ros.org},
    year = 2025,
    note = {Zugriff am 1. Juni 2025},
}

@software{ubuntu,
    author = {Canonical Ltd.},
    title = {Enterprise Open Source and Linux | Ubuntu},
    url = {https://ubuntu.com/},
    year = 2025,
    note = {Zugriff am 1. Juni 2025},
}

@software{pixi,
    author = {prefix.dev GmbH},
    title = {Pixi: Package management made easy},
    url = {https://github.com/prefix-dev/pixi},
    year = 2025,
    note = {GitHub Repository, Zugriff am 1. Juni 2025},
}

@misc{pwb_me16_datasheet_2011,
  author       = {{PWB Encoders GmbH}},
  title        = {{PWB Encoders Data Sheet ME16, Rev.\ 2}},
  howpublished = {\url{https://www.pwb-encoders.com/documents/6212230/6286399/PWB+encoders+Data+Sheet+ME16_Rev.+2_engl_08062011.pdf/83a11964-b347-4f8c-e808-7bdc4204f279}},
  month        = jun,
  year         = 2011,
  note         = {Zugriff am 13. Juni 2025},
}
